<record xmlns='http://www.loc.gov/MARC21/slim'><leader>01920cas a2200373 a 4500</leader><controlfield tag='001'>2142448</controlfield><controlfield tag='005'>20140918094908.0</controlfield><controlfield tag='008'>780505d18621968nz arz        0   a0eng d</controlfield><datafield ind1=' ' ind2=' ' tag='010'><subfield code='a'>sn 84000061</subfield></datafield><datafield ind1='1' ind2=' ' tag='019'><subfield code='a'>3323813</subfield></datafield><datafield ind1=' ' ind2=' ' tag='022'><subfield code='a'>0551-9845</subfield></datafield><datafield ind1=' ' ind2=' ' tag='035'><subfield code='9'>(AuCNLDY)2971398</subfield></datafield><datafield ind1=' ' ind2=' ' tag='035'><subfield code='a'>2142448</subfield></datafield><datafield ind1=' ' ind2=' ' tag='040'><subfield code='a'>MH-AH</subfield><subfield code='b'>eng</subfield><subfield code='c'>MH-AH</subfield><subfield code='d'>MBTI</subfield><subfield code='d'>NSDP</subfield><subfield code='d'>ATLA</subfield><subfield code='d'>LC</subfield></datafield><datafield ind1=' ' ind2=' ' tag='042'><subfield code='a'>nsdp</subfield><subfield code='a'>lcd</subfield></datafield><datafield ind1=' ' ind2=' ' tag='043'><subfield code='a'>u-nz---</subfield></datafield><datafield ind1=' ' ind2='4' tag='050'><subfield code='a'>BX9165</subfield></datafield><datafield ind1='2' ind2=' ' tag='110'><subfield code='a'>Presbyterian Church of New Zealand.</subfield><subfield code='b'>General Assembly.</subfield></datafield><datafield ind1='0' ind2=' ' tag='210'><subfield code='a'>Proc. Gen. Assem. Presbyt. Church  N. Z</subfield></datafield><datafield ind1=' ' ind2='0' tag='222'><subfield code='a'>Proceedings of the General Assembly of the Presbyterian Church of New Zealand</subfield></datafield><datafield ind1='1' ind2='0' tag='245'><subfield code='a'>Proceedings of the General Assembly of the Presbyterian Church of New Zealand.</subfield></datafield><datafield ind1=' ' ind2=' ' tag='260'><subfield code='a'>[Dunedin, N.Z.] :</subfield><subfield code='b'>Otago Daily Times and Witness Newspapers,</subfield><subfield code='c'>1862-1968.</subfield></datafield><datafield ind1=' ' ind2=' ' tag='300'><subfield code='a'>107 v. ;</subfield><subfield code='c'>21 cm.</subfield></datafield><datafield ind1=' ' ind2=' ' tag='310'><subfield code='a'>Annual</subfield></datafield><datafield ind1='0' ind2=' ' tag='362'><subfield code='a'>1862-1968.</subfield></datafield><datafield ind1=' ' ind2=' ' tag='520'><subfield code='a'>Includes Proceedings of the Synod of Otago and Southland.</subfield></datafield><datafield ind1=' ' ind2=' ' tag='530'><subfield code='a'>Issued also on microfilm by American Theological Library Association.</subfield></datafield><datafield ind1=' ' ind2=' ' tag='580'><subfield code='a'>Merged with: Presbyterian Church of New Zealand. Year book -  Presbyterian Church of New Zealand; to form: Presbyterian Church of New Zealand. General Assembly. Year book and proceedings of the General Assembly.</subfield></datafield><datafield ind1='2' ind2='0' tag='610'><subfield code='a'>Presbyterian Church of New Zealand.</subfield><subfield code='b'>General Assembly.</subfield></datafield><datafield ind1='2' ind2=' ' tag='710'><subfield code='a'>Presbyterian Church of New Zealand.</subfield><subfield code='b'>Synod of Otago and Southland.</subfield><subfield code='t'>Proceedings.</subfield></datafield><datafield ind1='1' ind2=' ' tag='776'><subfield code='c'>Microfilm</subfield><subfield code='d'>American Theological Library Association</subfield><subfield code='w'>(DLC)sn 99016322</subfield><subfield code='w'>(OCoLC)42452149</subfield></datafield><datafield ind1='1' ind2='7' tag='785'><subfield code='a'>Presbyterian Church of New Zealand.</subfield><subfield code='t'>Year book - Presbyterian Church of New Zealand</subfield><subfield code='x'>0551-9853</subfield><subfield code='w'>(DLC)   75647120</subfield><subfield code='w'>(OCoLC)2243508</subfield></datafield><datafield ind1='1' ind2='7' tag='785'><subfield code='a'>Presbyterian Church of New Zealand. General Assembly.</subfield><subfield code='t'>Year book and proceedings of the Presbyterian Church of New Zealand</subfield><subfield code='x'>0110-0416</subfield><subfield code='w'>(DLC)   75647064</subfield><subfield code='w'>(OCoLC)2243477</subfield></datafield><datafield ind1=' ' ind2=' ' tag='984'><subfield code='a'>ANL</subfield><subfield code='c'>JAF 285.09931 PRE</subfield><subfield code='e'>(1890-1945)</subfield></datafield></record>